@article{Li_A_microphone_array,
  title={A microphone array system for automatic fall detection},
  author={Li, Yun and Ho, KC and Popescu, Mihail},
  journal={IEEE Transactions on Biomedical Engineering},
  volume={59},
  number={5},
  pages={1291--1301},
  year={2012},
  publisher={IEEE}
}

@article{Berenguer_Are_Smartphones_Ubiquitous,
  title={Are Smartphones Ubiquitous?: An in-depth survey of smartphone adoption by seniors},
  author={Berenguer, Anabela and Goncalves, Jorge and Hosio, Simo and Ferreira, Denzil and Anagnostopoulos, Theodoros and Kostakos, Vassilis},
  journal={IEEE Consumer Electronics Magazine},
  volume={6},
  number={1},
  pages={104--110},
  year={2017},
  publisher={IEEE}
}

@article{boltz_Injuries_and_outcomes,
  title={Injuries and outcomes associated with traumatic falls in the elderly population on oral anticoagulant therapy},
  author={Boltz, Melissa M and Podany, Abigail B and Hollenbeak, Christopher S and Armen, Scott B},
  journal={Injury},
  volume={46},
  number={9},
  pages={1765--1771},
  year={2015},
  publisher={Elsevier}
}

@inproceedings{Chang_Human_fall_detection_based_on_event,
  title={Human fall detection based on event pattern matching with ultrasonic array sensors},
  author={Chang, Yuan-Tsung and Shih, Timothy K},
  booktitle={Ubi-media Computing and Workshops (Ubi-Media), 2017 10th International Conference on},
  pages={1--4},
  year={2017},
  organization={IEEE}
}

@inproceedings{Cruz_Fall_detection_wearable_device,
  title={Fall detection wearable device interconnected through ZigBee network},
  author={Cruz, Febus Reidj G and Sejera, Marloun P and Bunnao, Mark Bryan G and Jovellanos, Bradley R and Maa{\~n}o, Prince Lester C and Santos, Carissa Jane R},
  booktitle={Humanoid, Nanotechnology, Information Technology, Communication and Control, Environment and Management (HNICEM), 2017 IEEE 9th International Conference on},
  pages={1--6},
  year={2017},
  organization={IEEE}
}

@article{Siracuse_Health_care_and_socioeconomic,
  title={Health care and socioeconomic impact of falls in the elderly},
  author={Siracuse, Jeffrey J and Odell, David D and Gondek, Stephen P and Odom, Stephen R and Kasper, Ekkehard M and Hauser, Carl J and Moorman, Donald W},
  journal={The American Journal of Surgery},
  volume={203},
  number={3},
  pages={335--338},
  year={2012},
  publisher={Elsevier}
}

@inproceedings{Hayashida_The_use_of_thermal_ir_array,
  title={The use of thermal ir array sensor for indoor fall detection},
  author={Hayashida, Akira and Moshnyaga, Vasily and Hashimoto, Koji},
  booktitle={Systems, Man, and Cybernetics (SMC), 2017 IEEE International Conference on},
  pages={594--599},
  year={2017},
  organization={IEEE}
}

@inproceedings{Tsinganos_A_smartphone-based_fall,
  title={A smartphone-based fall detection system for the elderly},
  author={Tsinganos, Panagiotis and Skodras, Athanassios},
  booktitle={Image and Signal Processing and Analysis (ISPA), 2017 10th International Symposium on},
  pages={53--58},
  year={2017},
  organization={IEEE}
}

@inproceedings{Santiago_Fall_detection_system,
  title={Fall detection system for the elderly},
  author={Santiago, Joseph and Cotto, Eric and Jaimes, Luis G and Vergara-Laurens, Idalides},
  booktitle={Computing and Communication Workshop and Conference (CCWC), 2017 IEEE 7th Annual},
  pages={1--4},
  year={2017},
  organization={IEEE}
}

@article{Sixsmith_A_smart_sensor_to_detect,
  title={A smart sensor to detect the falls of the elderly},
  author={Sixsmith, Andrew and Johnson, Neil},
  journal={IEEE Pervasive computing},
  volume={3},
  number={2},
  pages={42--47},
  year={2004},
  publisher={IEEE}
}

@inproceedings{William_Cognitive_modeling_in_human_computer_interaction,
  title={Cognitive modeling in human computer interaction: Understanding technology usage in elderly people},
  author={William, J Antony and Murugesh, Ramaswami},
  booktitle={Advances in Computer Applications (ICACA), IEEE International Conference on},
  pages={115--120},
  year={2016},
  organization={IEEE}
}

@inproceedings{Alwan_A_smart_and_passive_floor-vibration,
  title={A smart and passive floor-vibration based fall detector for elderly},
  author={Alwan, Majd and Rajendran, Prabhu Jude and Kell, Steve and Mack, David and Dalal, Siddharth and Wolfe, Matt and Felder, Robin},
  booktitle={Information and Communication Technologies, 2006. ICTTA'06. 2nd},
  volume={1},
  pages={1003--1007},
  year={2006},
  organization={IEEE}
}

@book{Wiley_Project_Management,
  Author = {Jason Charvat},
  Title = {Project Management Methodologies: Selecting, Implementing, and Supporting Methodologies and Processes for Projects},
  Publisher = {Wiley},
  Year = {2003},
  ISBN = {0471221783},
  Edition = {2nd}
  }
  
  @article{shaydulin2017agile,
  title={To Agile, or not to Agile: A Comparison of Software Development Methodologies},
  author={Shaydulin, Ruslan and Sybrandt, Justin},
  journal={arXiv preprint arXiv: 1704.07469},
  year={2017}
}

@misc{WaterfallPresentation,
  author   = {Lethbridge and Laginer√©},
  title    = {Limitations of the waterfall model},
  year     = {2001},
  howpublished = {Available From:http://www.site.uottawa.ca/school/research/lloseng/supportMaterial/slides-edition1/htmlSlides/Chapter11/tsld009.htm Date Accessed: 10-4-2018}
}

@inproceedings{XPsharma2016analysis,
  title={Analysis of linear sequential and extreme programming development methodology for a gaming application},
  author={Sharma, Pooja and Hasteer, Nitasha},
  booktitle={Communication and Signal Processing (ICCSP), 2016 International Conference on},
  pages={1916--1920},
  year={2016},
  organization={IEEE}
}

@article{Kanban_lei2017statistical,
  title={A statistical analysis of the effects of Scrum and Kanban on software development projects},
  author={Lei, Howard and Ganjeizadeh, Farnaz and Jayachandran, Pradeep Kumar and Ozcan, Pinar},
  journal={Robotics and Computer-Integrated Manufacturing},
  volume={43},
  pages={59--67},
  year={2017},
  publisher={Elsevier}
}

@misc{Python,
  author   = {Python},
  title    = {Python is powerful... },
  year     = {2018},
  howpublished = {Available From: https://www.python.org/ Date Accessed: 10-4-2018}
}

@misc{OpenCV,
  author   = {OpenCV},
  title    = {OpenCV (Open Source Computer Vision Library)},
  year     = {2018},
  howpublished = {Available From: https://opencv.org Date Accessed: 10-4-2018}
}

@misc{VisualStudioCode,
  author   = {Microsoft},
  title    = {Code Editing. Redefined.},
  year     = {2018},
  howpublished = {Available From: https://code.visualstudio.com Date Accessed: 10-4-2018}
}
@misc{Git,
  author   = {Git},
  title    = {Git is a free and open source distributed version control system.},
  year     = {2018},
  howpublished = {Available From: https://git-scm.com Date Accessed: 10-4-2018}
}

@misc{DeveloperSurvey,
  author   = {{Stack Exchange Inc.}},
  title    = {Developer Survey Results 2018},
  year     = {2018},
  howpublished = {Available From: hhttps://insights.stackoverflow.com/survey/2018/ Date Accessed: 10-4-2018}
}

@misc{GitHub,
  author   = {GitHub},
  title    = {The world's leading software development platform - GitHub},
  year     = {2018},
  howpublished = {Available From: https://github.com/ Date Accessed: 10-4-2018}
}

@misc{GitHubMarketShare,
  author   = {Datanyze},
  title    = {Github Market Share and Competitor Report},
  year     = {2018},
  howpublished = {Available From: https://www.datanyze.com/market-share/source-code-management/github-market-share\# Date Accessed: 10-4-2018}
}
@misc{Homebrew,
  author   = {Max Howell},
  title    = {The missing package manager for macOS},
  year     = {2018},
  howpublished = {Available From: https://brew.sh Date Accessed: 10-4-2018}
}